@online{mitm_groups,
  author = {Markus Pfeiffer and Dennis M\"{u}ller and Victor Vasilyev},
  title = "MitM/groups MathHub Repository",
  url = "https://gl.mathhub.info/MitM/groups",
  keywords = "groups, repository"
}

@online{PySCSCP,
  author = "Luca De Feo",
  title = "Python SCSCP Module",
  url = "https://github.com/OpenMath/PySCSCP",
  keywords = "python, scscp, package, module, repository"
}

@online{mmt,
  author = {Florian Rabe and Dennis M\"{u}ller},
  title = "MMT Repository",
  url = "https://github.com/UniFormal/MMT",
  keywords = "mmt, repository"
}

@online{mitm-poc,
  author = "Victor Vasilyev",
  title = "MitM Proof of Concept Repository",
  url = "https://github.com/vv20/mitm_proof_of_concept",
  keywords = "mitm, repository"
}

@online{PySingular,
  author = "Sebastian Gutsche",
  title = "PySingular Module Repository",
  url = "https://github.com/sebasguts/SingularPython",
  keywords = "singular, python, repository"
}

@online{jupyter,
  author = {Damian Avila and Matthias Bussonnier and Sylvain Corlay and Jonathan Frederic and Brian Granger},
  title = "Jupyter",
  url = "https://jupyter.org",
  keywords = "jupyter"
}

@online{gap,
  author = {Isabel M. Ara√∫jo and Robert Arthur and Laurent Bartholdi and Hans Ulrich Besche and Thomas Bischops},
  title = "GAP",
  url = "https://gap-system.org",
  keywords = "gap"
}

@online{singular,
  author = {Decker, Wolfram and Greuel, Gert-Martin and Pfister, Gerhard and Sch\"onemann, Hans},
  title = "Singular",
  url = "https://www.singular.uni-kl.de",
  keywords = "singular"
}